<record><leader>00000cas a2200000 a 4500</leader><controlfield tag="001">13621324</controlfield><controlfield tag="008">860522c19019999okuwr ne      0    0eng d</controlfield><datafield ind1=" " ind2=" " tag="010"><subfield code="a">sn 86064117 </subfield></datafield><datafield ind1=" " ind2=" " tag="040"><subfield code="a">KSH</subfield><subfield code="b">eng</subfield><subfield code="c">KSH</subfield><subfield code="d">NPT</subfield><subfield code="d">OBN</subfield><subfield code="d">OCL</subfield><subfield code="d">OCLCQ</subfield><subfield code="d">OCLCF</subfield><subfield code="d">OCLCO</subfield></datafield><datafield ind1="1" ind2=" " tag="029"><subfield code="a">AU@</subfield><subfield code="b">000022169690</subfield></datafield><datafield ind1=" " ind2=" " tag="042"><subfield code="a">msc</subfield></datafield><datafield ind1=" " ind2=" " tag="043"><subfield code="a">n-us-ok</subfield></datafield><datafield ind1="0" ind2="4" tag="245"><subfield code="a">The Tonkawa news.</subfield></datafield><datafield ind1="3" ind2=" " tag="246"><subfield code="a">Town &amp; country news</subfield></datafield><datafield ind1="3" ind2=" " tag="246"><subfield code="a">Town and country news</subfield></datafield><datafield ind1="3" ind2=" " tag="246"><subfield code="a">Tonkawa news and continuation of the Tonkawa chieftain</subfield></datafield><datafield ind1=" " ind2=" " tag="260"><subfield code="a">Tonkawa, Okla. :</subfield><subfield code="b">Tom P. Fry</subfield></datafield><datafield ind1=" " ind2=" " tag="300"><subfield code="a">v.</subfield></datafield><datafield ind1=" " ind2=" " tag="310"><subfield code="a">Weekly,</subfield><subfield code="b">Feb. 1, 1979-</subfield></datafield><datafield ind1=" " ind2=" " tag="321"><subfield code="a">Semiweekly,</subfield><subfield code="b">May 4, 1925-Jan. 29, 1979</subfield></datafield><datafield ind1=" " ind2=" " tag="321"><subfield code="a">Weekly,</subfield><subfield code="b">Aug. 19, 1901-Apr. 30, 1925</subfield></datafield><datafield ind1="1" ind2=" " tag="362"><subfield code="a">Began in Aug. 1901.</subfield></datafield><datafield ind1=" " ind2=" " tag="500"><subfield code="a">On Mondays published as: Town &amp; Country News, Feb. 5, 1951-Jan. 23, 1952.</subfield></datafield><datafield ind1=" " ind2=" " tag="500"><subfield code="a">Published as: Tonkawa news and continuation of the Tonkawa chieftain, Apr. 20, 1916.</subfield></datafield><datafield ind1=" " ind2=" " tag="588"><subfield code="a">Description based on: Vol. 4, no. 27 (Aug. 29, 1902).</subfield></datafield><datafield ind1=" " ind2="0" tag="651"><subfield code="a">Tonkawa (Okla.)</subfield><subfield code="v">Newspapers.</subfield></datafield><datafield ind1=" " ind2="0" tag="651"><subfield code="a">Kay County (Okla.)</subfield><subfield code="v">Newspapers.</subfield></datafield><datafield ind1=" " ind2="7" tag="655"><subfield code="a">Newspapers.</subfield><subfield code="2">fast</subfield><subfield code="0">(OCoLC)fst01423814</subfield></datafield><datafield ind1=" " ind2="7" tag="651"><subfield code="a">Oklahoma</subfield><subfield code="z">Kay County.</subfield><subfield code="2">fast</subfield><subfield code="0">(OCoLC)fst01206445</subfield></datafield><datafield ind1=" " ind2="7" tag="651"><subfield code="a">Oklahoma</subfield><subfield code="z">Tonkawa.</subfield><subfield code="2">fast</subfield><subfield code="0">(OCoLC)fst01220595</subfield></datafield><datafield ind1=" " ind2=" " tag="752"><subfield code="a">United States</subfield><subfield code="b">Oklahoma</subfield><subfield code="c">Kay</subfield><subfield code="d">Tonkawa.</subfield></datafield><datafield ind1="0" ind2="0" tag="780"><subfield code="t">Salt Fork Valley news</subfield><subfield code="w">(DLC)sn 97064861</subfield><subfield code="w">(OCoLC)36881692</subfield></datafield><datafield ind1="0" ind2="5" tag="780"><subfield code="t">Tonkawa chieftain</subfield><subfield code="w">(DLC)sn 97064852</subfield><subfield code="w">(OCoLC)36835831</subfield></datafield></record>